@techreport{McGrewViega2004gcm,
  title       = {The Galois/Counter Mode of Operation (GCM)},
  author      = {McGrew, David A. and Viega, John},
  institution = {Submission to NIST Modes of Operation Process, Cisco Systems, Inc.\ and Secure Software},
  month       = jan,
  year        = {2004},
  note        = {Initial version posted January 15, 2004},
  url         = {https://csrc.nist.rip/groups/ST/toolkit/BCM/documents/proposedmodes/gcm/gcm-spec.pdf},
}